@book{book1,
	editor = {Chris Hankin},
	title = {Lambda Calculi},
	address = {New York},
	publisher = {Oxford University Press Inc},
	year = {1994},
}
@Book{cicero,
  author      = {Cicero, Marcus Tullius},
  translator  = {Blank-Sangmeister, Ursula},
  title       = {De natura deorum: {\"U}ber das Wesen der G{\"o}tter},
  publisher   = {Reclam},
  address     = {Stuttgart},
  year        = {1995},
}

@Book{cicero2,
  author      = {Cicero, Marcus Tullius},
  translator  = {Blank-Sangmeister, Ursula and Thraede, Klaus and
                 Andrea Asperti and Giuseppe Longo},
  title       = {De natura deorum: {\"U}ber das Wesen der G{\"o}tter},
  publisher   = {Reclam},
  address     = {Stuttgart},
  year        = {1995},
}

@book{Asperti1991,
  title = {Categories, Types and Structures: an introduction to Category Theory
	for the working computer scientist},
  author = {Andrea Asperti and Giuseppe Longo},
  publisher = {{MIT} Press},
  year = {1991},
  citedate={2013-08-30},
  url = {http://www.di.ens.fr/users/longo/download.html},
}

@book{Barendregt1981,
  title = {The Lambda Calculus: its Syntax and Semantics},
  author = {Henk Barendregt},
  publisher = {North-Holland},
  year = {1981},
}

@book{Constable1986,
  title = {Implementing Mathematics with the {N}uprl Development System},
  author = {Robert L. Constable and Stuart F. Allen and H. M. Bromley and W.
	R. Cleaveland and J. F. Cremer and R. W. Harper and Douglas J. Howe
	and T. B. Knoblock and N. P. Mendler and P. Panangaden and James
	T. Sasaki and Scott F. Smith},  
  publisher = {Prentice-Hall},
  year = {1986},
  url = {http://citeseer.nj.nec.com/constable86implementing.html},
}

@BOOK{CLR,
  title = {Introduction to Algorithms},
  publisher = {The MIT Press},
  year = {1990},
  author = {Thomas H. Cormen and Charles E. Leiserson and Ronald L. Rivest},
  edition = {1},
}

@book{Gallier1985,
  title = {Logic for Computer Science: Foundations of Automatic Theorem Proving},
  author = {Jean Gallier},
  publisher = {Harper \& Row Publishers, Inc.},
  year = {1985},
  isbn = {0-06-042225-4},
  url = {http://www.cis.upenn.edu/~jean/gbooks/logic.html},
}

@book{Girard1989,
  title = {Proofs and types},
  publisher = {Cambridge University Press},
  year = {1989},
  author = {Jean-Yves Girard and Paul Taylor and Yves Lafont},
  isbn = {0-521-37181-3},
  url = {http://www.dcs.qmw.ac.uk/~pt/stable/Proofs+Types.html},
}

@book{Hoare1985,
  title = {Communicating Sequential Processes},
  author = {C. A. R. Hoare},
  publisher = {Prentice Hall International},
  year = {1985},  
  keywords = {process calculus, process algebra, csp},
  pdf = {Formal Methods/Process Calculus/CSP/Hoare1985.pdf},
}

@book{TAOCP-Vol3,
  title = {The Art of Computer Programming: Volume 3, Sorting and Searching},
  publisher = {Addison-Wesley Publishers Ltd},
  year = {1998},
  author = {Donald E. Knuth},
  volume = {3},
  edition = {2},
}

@book{Kunen1980,
  title = {Set Theory: An Introduction to Independence Proofs},
  publisher = {North-Holland Publishing Company},
  year = {1980},
  author = {Kenneth Kunen},
  address = {Amsterdam},
  isbn = {0-444-86839-9},
  keywords = {set theory, independence proof},
}

@BOOK{Nielson1992,
  title = {Semantics with Applications: A Formal Introduction},
  publisher = {John Wiley \& Sons, Inc},
  year = {1992},
  author = {Hanne Riis Nielson and Flemming Nielson},
  keywords = {semantics},
  pdf = {Formal Methods/Semantics/Nielson1992.pdf},
  url = {http://www.daimi.au.dk/~bra8130/Wiley_book/wiley.html},
}

@BOOK{Nordstrom1990,
  title = {Programming in {M}artin-{L}{\"o}f type theory: an introduction},
  publisher = {Oxford University Press},
  year = {1990},
  author = {Bengt Nordstr{\"o}m and Kent Petersson and Jan M. Smith},
  cr = {9107-0496},
  keywords = {type theory},
  pdf = {Formal Methods/Type Theory/Nordstrom1990.pdf},
  url = {http://www.cs.chalmers.se/Cs/Research/Logic/book/},
}

@BOOK{Reeves1990,
  title = {Logic for Computer Science},
  publisher = {Addison-Wesley Publishers Ltd},
  year = {1990},
  author = {Steve Reeves and Mike Clarke},
  keywords = {logic, text book},
  pdf = {Logic/Reeves1990.pdf},
  url = {http://www.cs.waikato.ac.nz/~stever/LCS.html},
}

@BOOK{Rogers1967,
  title = {Theory of Recursive Functions and Effective Computability},
  publisher = {McGraw-Hill Book Company},
  year = {1967},
  author = {Rogers, Jr., Hartley},
  address = {New York},
  keywords = {computability, recursive function},
}

@BOOK{Wegener1987,
  title = {The Complexity of Boolean Functions},
  publisher = {John Wiley and Sons Ltd, and B. G. Teubner, Stuttgart},
  year = {1987},
  author = {Ingo Wegener},
  keywords = {computational complexity, boolean function complexity},
  pdf = {Complexity/Boolean Function Complexity/Wegener1987.pdf},
  url = {http://eccc.uni-trier.de/eccc-local/ECCC-Books/wegener_book_readme.html},
}

@book{book4,
	author = {Peebles, Jr., P. Z.},
	title = {Probability, random variable, and random signal principles (4th ed.)},
	address = {New York},
	publisher  = {McGraw Hill},
	year = {2001},
}

@book{book5,
	author = {Crawford, W. and Gorman, M.},
	title = {Futuer libraries: dreams, madness \& reality},
	address = {Chicago},
	publisher = {American Library Association},
	year = {1995},
}

@book{book6,
	author = {{International Federation of Library Association and institutions}},
	title = {Names of persons: national usages for entry in catalogues},
    edition = {3},
    address  = {London},
	publisher = {IFLA International Office for UBC},
	year = {1977},
}

@book{book7,
	editor = {O'Brien, J. A.},
	title = {Introduction to information systems},
    edition = {7},
	address = {Burr Ridge, III.},
	publisher = {Irwin},
	year = {1994},
}

@book{book8,
	author = {Rood, H. J.},
    editor = {O'Brien, J. A.},
	title = {Logic and structured design for computer programmers},
    edition = {3},
	publisher = {Brooks/Cole-Thomson Learning},
	year = {2001},
}

@book{book9,
	author = {Turcotte, D. L.},
	title = {Fractals and chaos in geology and geophysics},
	address = {New York},
	publisher = {Cambridge University Press},
	year = {1992},
	url = {http://www.seg.org/reviews/mccorm30.html},
	citedate = {1998-09-23},
}

@book{beethoven,
  author = {Ludwig van Beethoven},
  title = {F{\"u}r Elise},
  address = {New York},
  publisher = {Cambridge University Press},
  year = {1992},
}

@book{zh-book-1,
	author = {余敏 and 刘华},
	title = {出版集团研究},
    address = {北京},
	year = {2001},
	pages = {179--193},
    language = {zh},
}

@book{zh-book-2,
	author = {昂温, G. and 昂温, P. S.},
	title = {外国出版史},
	translator = {陈生铮},
	address = {北京},
	publisher = {中国书籍出版社},
	year = {1988},
	language = {zh},
    citedate={2013-08-30},
    url={http://www.google.com/}
}

@book{zh-book-maen,
	author = {马克思 and 恩格斯},
	title = {马克思恩格斯全集: 第44卷},
	address = {北京},
	publisher = {人民出版社},
	year = {1982},
	pages = {505},
	language = {zh},
}

@book{zh-book-2-1,
	author = {昂温, G. and 昂温, P. S.},
	title = {外国出版史},
	translator = {陈生铮 and 张三 and 李四 and 王五},
	address = {北京},
	publisher = {中国书籍出版社},
	year = {1988},
	language = {zh},
    citedate={2013-08-30},
    url={http://www.google.com/}
}

@book{zh-book-3,
	author = {王夫之},
	title = {宋论},
	edition ={刻本},
	address = {金陵},
	publisher = {曾氏},
	year = {1845（清同治四年）},
	language = {zh},
}

@book{zh-book-4,
	author = {赵耀东},
	title = {新时代的工业工程师},
	address = {台北},
	publisher = {天下文化出版社},
	year = {1998},
	url = {http://ie.nthu.edu.tw/info/ie.newie.htm},
	citedate = {1998-09-26},
	language = {zh},
}

@book{zh-book-5,
	author = {{广西壮族自治区林业厅}},
	title = {广西自然保护区},
	address = {北京},
	publisher = {中国林业出版社},
	year = {1993},
	language = {zh},
}

@book{zh-book-6,
	author = {蒋有绪 and 郭泉水 and 马娟 and 其他作者},
	title = {中国森林群落分类及其群落学特征},
	address = {北京},
	publisher = {科学出版社},
	year = {1998},
	language = {zh},
}

@book{zh-book-7,
	author = {唐绪军},
	title = {报业经济与报业经营},
	publisher = {新华出版社},
	year = {1999},
	pages = {117--121},
	language = {zh},
}

@book{zh-book-8,
	author = {赵凯华 and 罗蔚茵 and 张三 and 李四 and 王五},
	title = {新概念物理教程：力学},
	address = {北京},
	publisher = {高等教育出版社},
	year = {1995},
	language = {zh},
}

@book{zh-book-9,
	author = {汪昂},
	title = {本草备要},
    edition ={石印本, 增补},
	address = {上海},
	publisher = {同文书局},
	year = {1912},
	language = {zh},
}

@book{zh-book-10,
	author = {{ZHAO Kaihua} and {LUO Weiyin} and {ZHANG Sang}
              and {LI Si} and {WANG Wu}},
	title = {New concept textbook on Pyhsics},
	address = {Beijing},
	publisher = {Advanced Education Publiser},
	year = {1995},
}

@incollection{incol-1,
	author = {程根伟},
	title = {1998 年长江洪水的成因与减灾对策},
	editor = {许厚泽 and 赵其国},
	booktitle = {长江流域洪涝灾害与科技对策},
	address = {北京},
	publisher = {科学出版社},
	year = {1999},
	pages = {32-36},
	language = {zh},
}

@incollection{incol-2,
	author = {陈晋镶 and 张惠民 and 朱士兴 and 其他作者},
	title = {蓟县震旦亚界研究},
    editor = {中国地质科学院天津地质矿产研究所},
	booktitle = {中国震旦亚界},
	address = {天津},
	publisher = {天津科学技术出版社},
	year = {1980},
	pages = {56-114},
	language = {zh},
}

@incollection{incol-3,
	author = {马克思},
	title = {关于《工资、价格和利润》的报告札记},
	editor = {马克思 and 恩格斯},
	booktitle = {马克思恩格斯全集: 第44卷},
	address = {北京},
	publisher = {人民出版社},
	year = {1982},
	pages = {505},
	language = {zh},
}

@incollection{incol-4,
	author = {Weinstein, L. and Swertz, M. N.},
	title = {Pathogenic properties of invading microorganism},
	editor = {Sodeman, Jr., W. A. and Sodeman, W. A.},
	booktitle = {Pathologic physiology: mechanisms of disease},
	address = {Philadelphia},
	publisher = {Saunders},
	year = {1974},
	pages = {745-772},
}

@incollection{incol-5,
	author = {Buseck, P. R. and Nord, Jr., G. L. and Veblen D. R.},
	title = {Subsolidus phenomena in pyroxenes},
	editor = {Prewitt, C. T.},
	booktitle = {Pyroxense},
	address = {Washington, D. C.},
	publisher = {Mineralogical Society of America},
	year = {c1980},
	pages = {117-211},
}

@incollection{incol-6,
	author = {Martin, G.},
	title = {Control of electronic resources in Australia},
	editor = {Pattle, L. W. and Cox, B. J.},
	booktitle = {Electronic resources: selection and bibliographic control},
	address = {New York},
	publisher = {The Haworth Press},
	year = {1966},
	pages = {85-96},
}


@incollection{Winskel1995,
  author = {G. Winskel and M. Nielsen},
  title = {Models for Concurrency},
  booktitle = {Handbook of Logic in Computer Science},
  publisher = {Oxford University Press},
  year = {1995},
  editor = {S. Abramsky and D. Gabbay and T. S. E. Maibaum},
  url = {http://citeseer.ist.psu.edu/winskel94models.html},
}

@incollection{Abramsky1990,
  author = {Samson Abramsky},
  title = {The Lazy Lambda Calculus},
  booktitle = {Research Topics in Functional Programming},
  publisher = {Addison-Welsey},
  year = {1990},
  editor = {D. A. Turner},
  pages = {65--116},
  address = {Reading, MA},
  isbn = {0-201-17236-4},
  keywords = {lambda calculus},
  pdf = {Formal Methods/Lambda Calculus/Abramsky1990.pdf},
  url = {http://citeseer.nj.nec.com/abramsky90lazy.html},
}

@incollection{Abramsky1994,
  author = {Samson Abramsky and Achim Jung},
  title = {Domain Theory},
  booktitle = {Handbook of Logic in Computer Science},
  publisher = {Oxford University Press},
  year = {1994},
  editor = {Samson Abramsky and Dov M. Gabbay and T.S.E. Maibaum},
  volume = {Volume 3: Semantic Structures},
  pages = {1--168},
  keywords = {domain theory},
  pdf = {Formal Methods/Domain Theory/Abramsky1994.pdf},
  url = {http://citeseer.nj.nec.com/abramsky94domain.html},
}

@incollection{Barendregt1992,
  author = {Henk Barendregt},
  title = {Lambda Calculi with Types},
  booktitle = {Handbook of Logic in Computer Science},
  publisher = {Oxford University Press},
  year = {1992},
  editor = {Samson Abramsky and Dov M. Gabbay and T.S.E. Maibaum},
  volume = {Volume 2: Background: Computational Structures},
  pages = {117--309},
  keywords = {lambda calculus, types},
  pdf = {Formal Methods/Lambda Calculus/Barendregt1992.pdf},
  url = {http://citeseer.nj.nec.com/barendregt92lambda.html},
}

@incollection{Berger1995a,
  author = {Ulrich Berger and Helmut Schwichtenberg},
  title = {Program Development by Proof Transformation},
  booktitle = {Proof and Computation},
  publisher = {Springer},
  year = {1995},
  editor = {Helmut Schwichtenberg},
  pages = {1-45},
  address = {Berlin},
  keywords = {type theory, program extraction, proof transformation},
  pdf = {Formal Methods/Type Theory/Berger1995a.pdf},
  url = {http://www.mathematik.uni-muenchen.de/~schwicht/},
}

@incollection{Buss1998,
  author = {Samuel R. Buss},
  title = {An Introduction to Proof Theory},
  booktitle = {Handbook Proof Theory},
  address = {Amsterdam},
  publisher = {Elsevier},
  year = {1998},
  volume = {I},
  keywords = {proof theory},
  pdf = {Logic/Proof Theory/Buss1998.pdf},
  url = {http://www.math.ucsd.edu/~sbuss/ResearchWeb/HandbookProofTheory/},
}

@INCOLLECTION{Buss1998a,
  author = {Samuel R. Buss},
  title = {First-Order Theory of Arithmetic},
  booktitle = {Handbook Proof Theory},
  address = {Amsterdam},
  publisher = {Elsevier},
  year = {1998},
  volume = {II},
  keywords = {proof theory},
  pdf = {Logic/Proof Theory/Buss1998a.pdf},
  url = {http://www.math.ucsd.edu/~sbuss/ResearchWeb/HandbookProofTheory/},
}
