@book{book1,
	author = {Turcotte D. L.},
	title = {Fractals and chaos in geology and geophysics},
	location = {New York},
	publisher = {Cambridge University Press},
	year = {1992},
}
