
@book{lamport1994latex,
  author={Leslie Lamport},
  title={\LaTeX A Document Preparation System: User's Guide and Reference Manual},
  year={1994},
  edition={2},
  publisher={Addison-Wesley},
}

@techreport{patashnik1988bibdoc,
  author={Oren Patashnik},
  title={{\BibTeX}ing},
  year={1988},
  url={ftp://tug.ctan.org/pub/tex-archive/biblio/bibtex/contrib/doc/btxdoc.pdf‎},
  citedate={2013-08-28},
}

@techreport{patashnik1988bibhack,
  author={Oren Patashnik},
  title={Designing \BibTeX Styles},
  year={1988},
  url={ftp://tug.ctan.org/pub/tex-archive/biblio/bibtex/contrib/doc/btxhak.pdf‎},
  citedate={2013-08-28},
}

@standard{gbt7714-2005,
  author={中国国家标准化管理委员会},
  title={GB/T 7714--2005: 文后参考文献著录规则},
  year={2005},
}

@standard{gbt7713.1-2006,
  author={中国国家标准化管理委员会},
  title={GB/T 7713.1--2006: 学位论文编写规则},
  year={2006},
}

@standard{gbt7713.3-2009,
  author={中国国家标准化管理委员会},
  title={GB/T 7713.3--2009: 科技报告编写规则},
  year={2009},
}

@standard{gbt7713-1987,
  author={中国国家标准化管理委员会},
  title={GB/T 7713--1987: 科学技术报告、学位论文和学术论文的编写格式},
  year={1987},
}

@standard{gbt7156-2003,
  author={中国国家标准化管理委员会},
  title={GB/T 7156--2003 文献保密等级代码与标识},
  year={2003},
}

@standard{gbt16159-2012,
  author={中国国家标准化管理委员会},
  title={GB/T 16159--2012 汉语拼音正词法基本规则},
  year={2012},
}